%YAML 1.1
%TAG !u! tag:unity3d.com,2011:
--- !u!1 &7486252312848016397
GameObject:
  m_ObjectHideFlags: 0
  m_CorrespondingSourceObject: {fileID: 0}
  m_PrefabInstance: {fileID: 0}
  m_PrefabAsset: {fileID: 0}
  serializedVersion: 6
  m_Component:
  - component: {fileID: 5890667666671556126}
  - component: {fileID: 523908587842586990}
  - component: {fileID: 6244963953626560844}
  - component: {fileID: 5484365155610674632}
  m_Layer: 0
  m_Name: Heart
  m_TagString: Untagged
  m_Icon: {fileID: 0}
  m_NavMeshLayer: 0
  m_StaticEditorFlags: 0
  m_IsActive: 1
--- !u!4 &5890667666671556126
Transform:
  m_ObjectHideFlags: 0
  m_CorrespondingSourceObject: {fileID: 0}
  m_PrefabInstance: {fileID: 0}
  m_PrefabAsset: {fileID: 0}
  m_GameObject: {fileID: 7486252312848016397}
  m_LocalRotation: {x: 0, y: 0, z: 0, w: 1}
  m_LocalPosition: {x: 0, y: 0, z: 0}
  m_LocalScale: {x: 1, y: 1, z: 1}
  m_Children:
  - {fileID: 8293741236170803792}
  m_Father: {fileID: 0}
  m_RootOrder: 0
  m_LocalEulerAnglesHint: {x: 0, y: 0, z: 0}
--- !u!114 &523908587842586990
MonoBehaviour:
  m_ObjectHideFlags: 0
  m_CorrespondingSourceObject: {fileID: 0}
  m_PrefabInstance: {fileID: 0}
  m_PrefabAsset: {fileID: 0}
  m_GameObject: {fileID: 7486252312848016397}
  m_Enabled: 1
  m_EditorHideFlags: 0
  m_Script: {fileID: 11500000, guid: e469e36287c59da4fb2f6f0e51d3af57, type: 3}
  m_Name: 
  m_EditorClassIdentifier: 
  turnSpeed: 250
--- !u!54 &6244963953626560844
Rigidbody:
  m_ObjectHideFlags: 0
  m_CorrespondingSourceObject: {fileID: 0}
  m_PrefabInstance: {fileID: 0}
  m_PrefabAsset: {fileID: 0}
  m_GameObject: {fileID: 7486252312848016397}
  serializedVersion: 2
  m_Mass: 1
  m_Drag: 0
  m_AngularDrag: 0.05
  m_UseGravity: 0
  m_IsKinematic: 1
  m_Interpolate: 0
  m_Constraints: 0
  m_CollisionDetection: 0
--- !u!65 &5484365155610674632
BoxCollider:
  m_ObjectHideFlags: 0
  m_CorrespondingSourceObject: {fileID: 0}
  m_PrefabInstance: {fileID: 0}
  m_PrefabAsset: {fileID: 0}
  m_GameObject: {fileID: 7486252312848016397}
  m_Material: {fileID: 0}
  m_IsTrigger: 1
  m_Enabled: 1
  serializedVersion: 2
  m_Size: {x: 0.6977463, y: 1.0827897, z: 1.1739931}
  m_Center: {x: 0, y: 1.2004517, z: -0.028909206}
--- !u!1001 &3919254796093219146
PrefabInstance:
  m_ObjectHideFlags: 0
  serializedVersion: 2
  m_Modification:
    m_TransformParent: {fileID: 5890667666671556126}
    m_Modifications:
    - target: {fileID: -927199367670048503, guid: 267191f7f2e614f449e224bd9111b47f,
        type: 3}
      propertyPath: m_Name
      value: HeartMesh
      objectReference: {fileID: 0}
    - target: {fileID: -4216859302048453862, guid: 267191f7f2e614f449e224bd9111b47f,
        type: 3}
      propertyPath: m_LocalPosition.x
      value: 0
      objectReference: {fileID: 0}
    - target: {fileID: -4216859302048453862, guid: 267191f7f2e614f449e224bd9111b47f,
        type: 3}
      propertyPath: m_LocalPosition.y
      value: 0
      objectReference: {fileID: 0}
    - target: {fileID: -4216859302048453862, guid: 267191f7f2e614f449e224bd9111b47f,
        type: 3}
      propertyPath: m_LocalPosition.z
      value: 0
      objectReference: {fileID: 0}
    - target: {fileID: -4216859302048453862, guid: 267191f7f2e614f449e224bd9111b47f,
        type: 3}
      propertyPath: m_LocalRotation.x
      value: -0
      objectReference: {fileID: 0}
    - target: {fileID: -4216859302048453862, guid: 267191f7f2e614f449e224bd9111b47f,
        type: 3}
      propertyPath: m_LocalRotation.y
      value: -0
      objectReference: {fileID: 0}
    - target: {fileID: -4216859302048453862, guid: 267191f7f2e614f449e224bd9111b47f,
        type: 3}
      propertyPath: m_LocalRotation.z
      value: -0
      objectReference: {fileID: 0}
    - target: {fileID: -4216859302048453862, guid: 267191f7f2e614f449e224bd9111b47f,
        type: 3}
      propertyPath: m_LocalRotation.w
      value: 1
      objectReference: {fileID: 0}
    - target: {fileID: -4216859302048453862, guid: 267191f7f2e614f449e224bd9111b47f,
        type: 3}
      propertyPath: m_RootOrder
      value: 0
      objectReference: {fileID: 0}
    - target: {fileID: -4216859302048453862, guid: 267191f7f2e614f449e224bd9111b47f,
        type: 3}
      propertyPath: m_LocalEulerAnglesHint.x
      value: 0
      objectReference: {fileID: 0}
    - target: {fileID: -4216859302048453862, guid: 267191f7f2e614f449e224bd9111b47f,
        type: 3}
      propertyPath: m_LocalEulerAnglesHint.y
      value: 0
      objectReference: {fileID: 0}
    - target: {fileID: -4216859302048453862, guid: 267191f7f2e614f449e224bd9111b47f,
        type: 3}
      propertyPath: m_LocalEulerAnglesHint.z
      value: 0
      objectReference: {fileID: 0}
    - target: {fileID: -4216859302048453862, guid: 267191f7f2e614f449e224bd9111b47f,
        type: 3}
      propertyPath: m_LocalScale.x
      value: 6
      objectReference: {fileID: 0}
    - target: {fileID: -4216859302048453862, guid: 267191f7f2e614f449e224bd9111b47f,
        type: 3}
      propertyPath: m_LocalScale.y
      value: 6
      objectReference: {fileID: 0}
    - target: {fileID: -4216859302048453862, guid: 267191f7f2e614f449e224bd9111b47f,
        type: 3}
      propertyPath: m_LocalScale.z
      value: 6
      objectReference: {fileID: 0}
    - target: {fileID: -1504981713932161579, guid: 267191f7f2e614f449e224bd9111b47f,
        type: 3}
      propertyPath: m_CastShadows
      value: 0
      objectReference: {fileID: 0}
    - target: {fileID: -1504981713932161579, guid: 267191f7f2e614f449e224bd9111b47f,
        type: 3}
      propertyPath: m_ReceiveShadows
      value: 0
      objectReference: {fileID: 0}
    - target: {fileID: -1504981713932161579, guid: 267191f7f2e614f449e224bd9111b47f,
        type: 3}
      propertyPath: m_Materials.Array.data[0]
      value: 
      objectReference: {fileID: 2100000, guid: 78695c0bbd1c1f24aa8a980b61c7eae2, type: 2}
    m_RemovedComponents: []
  m_SourcePrefab: {fileID: 100100000, guid: 267191f7f2e614f449e224bd9111b47f, type: 3}
--- !u!4 &8293741236170803792 stripped
Transform:
  m_CorrespondingSourceObject: {fileID: -4216859302048453862, guid: 267191f7f2e614f449e224bd9111b47f,
    type: 3}
  m_PrefabInstance: {fileID: 3919254796093219146}
  m_PrefabAsset: {fileID: 0}
